@article{dijkstra1959note,
  title={A note on two problems in connexion with graphs},
  author={Dijkstra, Edsger W},
  journal={Numerische mathematik},
  volume={1},
  number={1},
  pages={269--271},
  year={1959},
  publisher={Springer}
}

@article{hart1968formal,
  title={A formal basis for the heuristic determination of minimum cost paths},
  author={Hart, Peter E and Nilsson, Nils J and Raphael, Bertram},
  journal={IEEE transactions on Systems Science and Cybernetics},
  volume={4},
  number={2},
  pages={100--107},
  year={1968},
  publisher={IEEE}
}

@inproceedings{holte1996hierarchical,
  title={Hierarchical A*: Searching abstraction hierarchies efficiently},
  author={Holte, Robert C and Perez, Maria B and Zimmer, Robert M and MacDonald, Alan J},
  booktitle={AAAI/IAAI, Vol. 1},
  pages={530--535},
  year={1996}
}

@article{botea2004near,
  title={Near optimal hierarchical path-finding.},
  author={Botea, Adi and M{\"u}ller, Martin and Schaeffer, Jonathan},
  journal={J. Game Dev.},
  volume={1},
  number={1},
  pages={1--30},
  year={2004},
  publisher={Citeseer}
}

@article{sturtevant2012benchmarks,
  title={Benchmarks for Grid-Based Pathfinding},
  author={Sturtevant, N.},
  journal={Transactions on Computational Intelligence and AI in Games},
  volume={4},
  number={2},
  pages={144 -- 148},
  year={2012},
  url = {http://web.cs.du.edu/~sturtevant/papers/benchmarks.pdf},
}

@inproceedings{sturtevant2005partial,
  title={Partial pathfinding using map abstraction and refinement},
  author={Sturtevant, Nathan and Buro, Michael},
  booktitle={AAAI},
  volume={5},
  pages={1392--1397},
  year={2005}
}

@article{holte1996speeding,
  title={Speeding up problem solving by abstraction: A graph oriented approach},
  author={Holte, Robert C and Mkadmi, Taieb and Zimmer, Robert M and MacDonald, Alan J},
  journal={Artificial Intelligence},
  volume={85},
  number={1-2},
  pages={321--361},
  year={1996},
  publisher={Elsevier}
}